@article{Bayes01011763,
author = {Bayes, Thomas}, 
title = {{An} {Essay} {Towards} {Solving} a {Problem} in the {Doctrine} of {Chances}},
volume = {53}, 
pages = {370-418}, 
year = {1763}, 
doi = {10.1098/rstl.1763.0053}, 
URL = {http://rstl.royalsocietypublishing.org/content/53/370.short}, 
eprint = {http://rstl.royalsocietypublishing.org/content/53/370.full.pdf+html}, 
journal = {Philosophical Transactions} 
}

@ARTICLE{Payne:2020pmc,
       author = {{Payne}, Ethan and {Banagiri}, Sharan and {Lasky}, Paul and
         {Thrane}, Eric},
        title = "{Searching for anisotropy in the distribution of binary black hole mergers}",
      journal = {arXiv e-prints},
     keywords = {Astrophysics - Cosmology and Nongalactic Astrophysics, General Relativity and Quantum Cosmology},
         year = 2020,
        month = jun,
          eid = {arXiv:2006.11957},
        pages = {arXiv:2006.11957},
archivePrefix = {arXiv},
       eprint = {2006.11957},
 primaryClass = {astro-ph.CO},
       adsurl = {https://ui.adsabs.harvard.edu/abs/2020arXiv200611957P},
      adsnote = {Provided by the SAO/NASA Astrophysics Data System}
}


@article{Harry:2010zz,
      author         = "Harry, Gregory M.",
      title          = "{Advanced LIGO: The next generation of gravitational wave
                        detectors}",
      booktitle      = "{Gravitational waves. Proceedings, 8th Edoardo Amaldi
                        Conference, Amaldi 8, New York, USA, June 22-26, 2009}",
      collaboration  = "LIGO Scientific",
      journal        = "Class. Quant. Grav.",
      volume         = "27",
      year           = "2010",
      pages          = "084006",
      doi            = "10.1088/0264-9381/27/8/084006",
      SLACcitation   = "%%CITATION = CQGRD,27,084006;%%"
}

@article{O1BBH,
     author         = "Abbott, B. P. and others",
     title          = "{Binary Black Hole Mergers in the first Advanced LIGO
                       Observing Run}",
     collaboration  = "Virgo, LIGO Scientific",
     journal        = "{Phys. Rev. X}",
     volume         = "6",
     year           = "2016",
     number         = "4",
     pages          = "041015",
     doi            = "10.1103/PhysRevX.6.041015",
     eprint         = "1606.04856",
     archivePrefix  = "arXiv",
     primaryClass   = "gr-qc",
     reportNumber   = "LIGO-P1600088",
     SLACcitation   = "%%CITATION = ARXIV:1606.04856;%%"
}

@article{2005ApJ...622..759G,
   author = {{G{\'o}rski}, K.~M. and {Hivon}, E. and {Banday}, A.~J. and 
	{Wandelt}, B.~D. and {Hansen}, F.~K. and {Reinecke}, M. and 
	{Bartelmann}, M.},
    title = "{HEALPix: A Framework for High-Resolution Discretization and Fast Analysis of Data Distributed on the Sphere}",
  journal = {\apj},
   eprint = {astro-ph/0409513},
 keywords = {Cosmology: Cosmic Microwave Background, Cosmology: Observations, Methods: Statistical},
     year = 2005,
    month = apr,
   volume = 622,
    pages = {759-771},
      doi = {10.1086/427976},
   adsurl = {http://adsabs.harvard.edu/abs/2005ApJ...622..759G},
  adsnote = {Provided by the SAO/NASA Astrophysics Data System}
}

@article{skilling2006,
author = "Skilling, John",
doi = "10.1214/06-BA127",
fjournal = "Bayesian Analysis",
journal = "Bayesian Anal.",
month = "12",
number = "4",
pages = "833--859",
publisher = "International Society for Bayesian Analysis",
title = "Nested sampling for general Bayesian computation",
url = "https://doi.org/10.1214/06-BA127",
volume = "1",
year = "2006"
}

@article{Aasi:2013wya,
      author         = "Abbott, B. P. and others",
      title          = "{Prospects for Observing and Localizing
                        Gravitational-Wave Transients with Advanced LIGO, Advanced
                        Virgo and KAGRA}",
      collaboration  = "KAGRA, LIGO Scientific, VIRGO",
      journal        = "Living Rev. Rel.",
      volume         = "21",
      year           = "2018",
      number         = "1",
      pages          = "3",
      doi            = "10.1007/s41114-018-0012-9, 10.1007/lrr-2016-1",
      eprint         = "1304.0670",
      archivePrefix  = "arXiv",
      primaryClass   = "gr-qc",
      reportNumber   = "LIGO-P1200087, VIR-0288A-12",
      SLACcitation   = "%%CITATION = ARXIV:1304.0670;%%"
}


@misc{john_veitch_2017_835874,
 author       = {John Veitch and
                 Walter {Del Pozzo} and
                 Cody and
                 Matt Pitkin and
                 ed1d1a8d},
 title        = {\url{http://www.github.com/johnveitch/cpnest}},
 month        = jul,
 year         = 2017,
 doi          = {10.5281/zenodo.835874},
 url          = {https://doi.org/10.5281/zenodo.835874}
}

@article{AdVirgo,
  author = {{Virgo Collaboration}},
  altauthor={F Acernese and others},
  doi = {10.1088/0264-9381/32/2/024001},
  url = {https://doi.org/10.1088%2F0264-9381%2F32%2F2%2F024001},
  year = "2014",
  month = {dec},
  publisher = {{IOP} Publishing},
  volume = {32},
  number = {2},
  pages = {024001},
  title = {Advanced Virgo: a second-generation interferometric gravitational wave detector},
  journal={Class. Quantum Grav.},
}

@article{GW150914,
      author         = "Abbott, B. P. and others",
      title          = "{Observation of Gravitational Waves from a Binary Black
                        Hole Merger}",
      collaboration  = "Virgo, LIGO Scientific",
      journal        = "Phys. Rev. Lett.",
      volume         = "116",
      year           = "2016",
      number         = "6",
      pages          = "061102",
      doi            = "10.1103/PhysRevLett.116.061102",
      eprint         = "1602.03837",
      archivePrefix  = "arXiv",
      primaryClass   = "gr-qc",
      reportNumber   = "LIGO-P150914",
      SLACcitation   = "%%CITATION = ARXIV:1602.03837;%%"
}

@article{GW170104,
author         = "Abbott, Benjamin P. and others",
      title          = "{GW170104: Observation of a 50-Solar-Mass Binary Black
                        Hole Coalescence at Redshift 0.2}",
      collaboration  = "LIGO Scientific Collaboration, Virgo Collaboration",
      journal        = "Phys. Rev. Lett.",
      volume         = "118",
      year           = "2017",
      number         = "22",
      pages          = "221101",
      doi            = "10.1103/PhysRevLett.118.221101",
      eprint         = "1706.01812",
      archivePrefix  = "arXiv",
      primaryClass   = "gr-qc",
      reportNumber   = "LIGO-P170104",
}

@ARTICLE{GW170608,
   author = {{Abbott}, B.~P. and {Abbott}, R. and {Abbott}, T.~D. and {Acernese}, F. and 
	{Ackley}, K. and {Adams}, C. and {Adams}, T. and {Addesso}, P. and 
	{Adhikari}, R.~X. and {Adya}, V.~B. and et al.},
    title = "{GW170608: Observation of a 19 Solar-mass Binary Black Hole Coalescence}",
  journal = {Ap. J. Lett.},
archivePrefix = "arXiv",
   eprint = {1711.05578},
 primaryClass = "astro-ph.HE",
 keywords = {binaries: general, gravitational waves, stars: black holes },
     year = 2017,
    month = dec,
   volume = 851,
      eid = {L35},
    pages = {L35},
      doi = {10.3847/2041-8213/aa9f0c},
   adsurl = {http://adsabs.harvard.edu/abs/2017ApJ...851L..35A},
  adsnote = {Provided by the SAO/NASA Astrophysics Data System}
}


@article{TheLIGOScientific:2016agk,
      author         = "Abbott, B. P. and others",
      title          = "{GW150914: The Advanced LIGO Detectors in the Era of
                        First Discoveries}",
      collaboration  = "Virgo, LIGO Scientific",
      journal        = "Phys. Rev. Lett.",
      volume         = "116",
      year           = "2016",
      number         = "13",
      pages          = "131103",
      doi            = "10.1103/PhysRevLett.116.131103",
      eprint         = "1602.03838",
      archivePrefix  = "arXiv",
      primaryClass   = "gr-qc",
      reportNumber   = "LIGO-P1500237",
      SLACcitation   = "%%CITATION = ARXIV:1602.03838;%%"
}

@article{aligo,
  author={{LIGO Scientific Collaboration}},
  title={{Advanced LIGO}},
  journal={Class. Quantum Grav.},
  volume={32},
  number={7},
  pages={074001},
  url={http://stacks.iop.org/0264-9381/32/i=7/a=074001},
  year={2015},
}

@article{LALInference,
  title = {Parameter estimation for compact binaries with ground-based gravitational-wave observations using the LALInference software library},
  author = {Veitch, J. and others},
  journal = {\prd},
  volume = {91},
  issue = {4},
  pages = {042003},
  numpages = {25},
  year = {2015},
  month = {Feb},
  publisher = {American Physical Society},
  doi = {10.1103/PhysRevD.91.042003},
  url = {http://link.aps.org/doi/10.1103/PhysRevD.91.042003},
  eprint = "1409.7215",
  archivePrefix = "arXiv",
  primaryClass = "gr-qc",
}

@article{BAYESTAR,
      author         = "Singer, L. P. and Price, L.R.",
      title          = "{Rapid Bayesian position reconstruction for 
                        gravitational-wave transients}",
      journal        = {\prd},
      volume         = "93",
      pages          = "024013",
      doi            = "10.1103/PhysRevD.93.024013",
      year           = "2016",
      eprint         = "1508.03634",
      archivePrefix  = "arXiv",
      primaryClass   = "gr-qc",
      SLACcitation   = "%%CITATION = ARXIV:1508.03634;%%",
}

@article{GW150914:RATES,
      author         = "Abbott, B. P. and others",
      title          = "{The Rate of Binary Black Hole Mergers Inferred from
                        Advanced LIGO Observations Surrounding GW150914}",
      collaboration  = "LIGO Scientific Collaboration, Virgo Collaboration",
      journal        = "Astrophys. J. Lett.",
      volume         = "833",
      year           = "2016",
      number         = "1",
      pages          = "L1",
      doi            = "10.3847/2041-8205/833/1/L1",
      eprint         = "1602.03842",
      archivePrefix  = "arXiv",
      primaryClass   = "astro-ph.HE",
      reportNumber   = "LIGO-P1500217",
      SLACcitation   = "%%CITATION = ARXIV:1602.03842;%%"
}

@article{2018arXiv180902063M,
    author = "Mandel, Ilya and Farr, Will M. and Gair, Jonathan R.",
    title = "{Extracting distribution parameters from multiple uncertain observations with selection biases}",
    eprint = "1809.02063",
    archivePrefix = "arXiv",
    primaryClass = "physics.data-an",
    doi = "10.1093/mnras/stz896",
    journal = "Mon. Not. Roy. Astron. Soc.",
    volume = "486",
    number = "1",
    pages = "1086--1093",
    year = "2019"
}

@article{PhysRevD.82.104006,
  title = {Intrinsic selection biases of ground-based gravitational wave searches for high-mass black hole-black hole mergers},
  author = {O'Shaughnessy, R. and Vaishnav, B. and Healy, J. and Shoemaker, D.},
  journal = {Phys. Rev. D},
  volume = {82},
  issue = {10},
  pages = {104006},
  numpages = {19},
  year = {2010},
  month = {Nov},
  publisher = {American Physical Society},
  doi = {10.1103/PhysRevD.82.104006},
  url = {https://link.aps.org/doi/10.1103/PhysRevD.82.104006}
}

@ARTICLE{2015ApJ...806..263D,
   author = {{Dominik}, M. and {Berti}, E. and {O'Shaughnessy}, R. and {Mandel}, I. and 
	others},
    title = "{Double Compact Objects III: Gravitational-wave Detection Rates}",
  journal = {\apj},
archivePrefix = "arXiv",
   eprint = {1405.7016},
 primaryClass = "astro-ph.HE",
 keywords = {binaries: close, gravitational waves, stars: black holes, stars: neutron},
     year = 2015,
    month = jun,
   volume = 806,
      eid = {263},
    pages = {263},
      doi = {10.1088/0004-637X/806/2/263},
   adsurl = {http://adsabs.harvard.edu/abs/2015ApJ...806..263D},
  adsnote = {Provided by the SAO/NASA Astrophysics Data System}
}

@article{Ng:2018neg,
      author         = "Ng, Ken K. Y. and Vitale, Salvatore and Zimmerman, Aaron
                        and Chatziioannou, Katerina and Gerosa, Davide and Haster,
                        Carl-Johan",
      title          = "{Gravitational-wave astrophysics with effective-spin
                        measurements: asymmetries and selection biases}",
      journal        = "Phys. Rev.",
      volume         = "D98",
      year           = "2018",
      number         = "8",
      pages          = "083007",
      doi            = "10.1103/PhysRevD.98.083007",
      eprint         = "1805.hH",
      archivePrefix  = "arXiv",
      primaryClass   = "gr-qc",
      SLACcitation   = "%%CITATION = ARXIV:1805.03046;%%"
}

@article{Chen:2016luc,
      author         = "Chen, Hsin-Yu and Essick, Reed and Vitale, Salvatore and
                        Holz, Daniel E. and Katsavounidis, Erik",
      title          = "{Observational Selection Effects with Ground-based
                        Gravitational Wave Detectors}",
      journal        = "Astrophys. J.",
      volume         = "835",
      year           = "2017",
      number         = "1",
      pages          = "31",
      doi            = "10.3847/1538-4357/835/1/31",
      eprint         = "1608.00164",
      archivePrefix  = "arXiv",
      primaryClass   = "astro-ph.HE",
      SLACcitation   = "%%CITATION = ARXIV:1608.00164;%%"
}

@INPROCEEDINGS{Vallisneri:2014vxa,
       author = {{Vallisneri}, Michele and {Kanner}, Jonah and {Williams}, Roy and
         {Weinstein}, Alan and {Stephens}, Branson},
        title = "{The LIGO Open Science Center}",
     keywords = {General Relativity and Quantum Cosmology, Astrophysics - High Energy Astrophysical Phenomena, Astrophysics - Instrumentation and Methods for Astrophysics},
    booktitle = {Journal of Physics Conference Series},
         year = "2015",
       series = {Journal of Physics Conference Series},
       volume = {610},
        month = "May",
          eid = {012021},
        pages = {012021},
          doi = {10.1088/1742-6596/610/1/012021},
archivePrefix = {arXiv},
       eprint = {1410.4839},
       url = {https://www.gw-openscience.org/about/},
 primaryClass = {gr-qc},
       adsurl = {https://ui.adsabs.harvard.edu/abs/2015JPhCS.610a2021V},
      adsnote = {Provided by the SAO/NASA Astrophysics Data System}
}


@misc{PSDevent,
    author = {{LIGO-Virgo Collaboration}},
    title = "{Power Spectral Densities (PSD) release for GWTC-1}",
    year = "2019",
    url = {https://dcc.ligo.org/LIGO-P1900011/public},
    number = "P1900011",
}

@misc{PSDO1H1,
    author = {{Daniel Sigg}},
    title = "{H1 Calibrated Sensitivity Spectra Oct 24 2015 (Representative for O1)}",
    year = "2016",
    url = {https://dcc.ligo.org/LIGO-G1600150/public},
    number = "G1600150",
}

@misc{PSDO1L1,
    author = {{Daniel Sigg}},
    title = "{L1 Calibrated Sensitivity Spectra Oct 24 2015 (Representative for O1)}",
    year = "2016",
    url = {https://dcc.ligo.org/LIGO-G1600151/public},
    number = "G1600151",
}

@misc{PSDO2,
    author = {{LIGO-Virgo Collaboration}},
    title = "{GWTC-1}",
    year = "2018",
    url = {https://dcc.ligo.org/LIGO-P1800374/public},
    number = "P1800374",
}

@misc{GraceDB,
    author = {{LIGO-Virgo Collaboration}},
    title = "{Gravitational-Wave Candidate Event Database}",
    year = "2020",
    url = {https://gracedb.ligo.org/superevents/public/O3/},
}








@article{O2populations,
      author         = "Abbott, B. P. and others",
      title          = "{Binary Black Hole Population Properties Inferred from
                        the First and Second Observing Runs of Advanced LIGO and
                        Advanced Virgo}",
      collaboration  = "LIGO Scientific, Virgo",
      journal        = "Astrophys. J.",
      volume         = "882",
      year           = "2019",
      number         = "2",
      pages          = "L24",
      doi            = "10.3847/2041-8213/ab3800",
      eprint         = "1811.12940",
      archivePrefix  = "arXiv",
      primaryClass   = "astro-ph.HE",
      reportNumber   = "LIGO-P1800324",
      SLACcitation   = "%%CITATION = ARXIV:1811.12940;%%"
}dsnote = {Provided by the SAO/NASA Astrophysics Data System}
}

% Paper suggesting multiple image for GW170809 and GW170814
@article{Broadhurst:2019ijv,
      author         = "Broadhurst, Tom and Diego, Jose M. and Smoot, George 
F.",
      title          = "{Twin LIGO/Virgo Detections of a Viable
                        Gravitationally-Lensed Black Hole Merger}",
      year           = "2019",
      eprint         = "1901.03190",
      archivePrefix  = "arXiv",
      primaryClass   = "astro-ph.CO",
      SLACcitation   = "%%CITATION = ARXIV:1901.03190;%%"
}

% More realistic analysis that tries overlaps in many parameters (except time 
and distance)
@article{Hannuksela:2019kle,
      author         = "Hannuksela, O. A. and Haris, K. and Ng, K. K. Y. and
                        Kumar, S. and Mehta, A. K. and Keitel, D. and Li, T. G. 
F.
                        and Ajith, P.",
      title          = "{Search for gravitational lensing signatures in
                        LIGO-Virgo binary black hole events}",
      journal        = "Astrophys. J.",
      volume         = "874",
      year           = "2019",
      number         = "1",
      pages          = "L2",
      doi            = "10.3847/2041-8213/ab0c0f",
      note           = "[Astrophys. J. Lett.874,L2(2019)]",
      eprint         = "1901.02674",
      archivePrefix  = "arXiv",
      primaryClass   = "gr-qc",
      reportNumber   = "LIGO Document P1800297, LIGO-P1800297",
      SLACcitation   = "%%CITATION = ARXIV:1901.02674;%%"
}

@article{Virgo,
   title={Advanced Virgo: a second-generation interferometric gravitational wave detector},
   volume={32},
   ISSN={1361-6382},
   url={http://dx.doi.org/10.1088/0264-9381/32/2/024001},
   DOI={10.1088/0264-9381/32/2/024001},
   number={2},
   journal={Classical and Quantum Gravity},
   publisher={IOP Publishing},
   author={Acernese, F and Agathos, M and Agatsuma, K and Aisa, D and Allemandou, N and Allocca, A and Amarni, J and Astone, P and Balestri, G and Ballardin, G and et al.},
   year={2014},
   month={Dec},
   pages={024001}
}

% O1 and O2 catalog
@article{O1O2catalog,
      author         = "Abbott, B. P. and others",
      title          = "{GWTC-1: A Gravitational-Wave Transient Catalog of
                        Compact Binary Mergers Observed by LIGO and Virgo during
                        the First and Second Observing Runs}",
      collaboration  = "LIGO Scientific, Virgo",
      journal        = "Phys. Rev.",
      volume         = "X9",
      year           = "2019",
      number         = "3",
      pages          = "031040",
      doi            = "10.1103/PhysRevX.9.031040",
      eprint         = "1811.12907",
      archivePrefix  = "arXiv",
      primaryClass   = "astro-ph.HE",
      reportNumber   = "LIGO-P1800307",
      SLACcitation   = "%%CITATION = ARXIV:1811.12907;%%"
}


@article{GW170814,
      author         = "Abbott, B. P. and others",
      title          = "{GW170814: A Three-Detector Observation of Gravitational
                        Waves from a Binary Black Hole Coalescence}",
      collaboration  = "LIGO Scientific, Virgo",
      journal        = "Phys. Rev. Lett.",
      volume         = "119",
      year           = "2017",
      number         = "14",
      pages          = "141101",
      doi            = "10.1103/PhysRevLett.119.141101",
      eprint         = "1709.09660",
      archivePrefix  = "arXiv",
      primaryClass   = "gr-qc",
      SLACcitation   = "%%CITATION = ARXIV:1709.09660;%%"
}



@article{H0paper,
      author         = "Abbott, B. P. and others",
      title          = "{A gravitational-wave measurement of the Hubble constant
                        following the second observing run of Advanced LIGO and
                        Virgo}",
      collaboration  = "LIGO Scientific, Virgo",
      year           = "2019",
      journal = {ArXiv e-prints},
      eprint         = "1908.06060",
      archivePrefix  = "arXiv",
      primaryClass   = "astro-ph.CO",
      reportNumber   = "LIGO-P1900015",
      SLACcitation   = "%%CITATION = ARXIV:1908.06060;%%"
}

@ARTICLE{2016PhRvL.117m1302S,
       author = {{Saadeh}, Daniela and {Feeney}, Stephen M. and {Pontzen}, Andrew and
         {Peiris}, Hiranya V. and {McEwen}, Jason D.},
        title = "{How Isotropic is the Universe?}",
      journal = {\prl},
     keywords = {Astrophysics - Cosmology and Nongalactic Astrophysics, General Relativity and Quantum Cosmology},
         year = "2016",
        month = "Sep",
       volume = {117},
       number = {13},
          eid = {131302},
        pages = {131302},
          doi = {10.1103/PhysRevLett.117.131302},
archivePrefix = {arXiv},
       eprint = {1605.07178},
 primaryClass = {astro-ph.CO},
       adsurl = {https://ui.adsabs.harvard.edu/abs/2016PhRvL.117m1302S},
      adsnote = {Provided by the SAO/NASA Astrophysics Data System}
}

@ARTICLE{2013arXiv1311.1104H,
       author = {{Horvath}, I. and {Hakkila}, J. and {Bagoly}, Z.},
        title = "{The largest structure of the Universe, defined by Gamma-Ray Bursts}",
      journal = {arXiv e-prints},
     keywords = {Astrophysics - Cosmology and Extragalactic Astrophysics, Astrophysics - High Energy Astrophysical Phenomena},
         year = "2013",
        month = "Nov",
          eid = {arXiv:1311.1104},
        pages = {arXiv:1311.1104},
archivePrefix = {arXiv},
       eprint = {1311.1104},
 primaryClass = {astro-ph.CO},
       adsurl = {https://ui.adsabs.harvard.edu/abs/2013arXiv1311.1104H},
      adsnote = {Provided by the SAO/NASA Astrophysics Data System}
}

@article{Anderson:2000yy,
        Author = {Anderson, Warren G. and Brady, Patrick R. and Creighton, Jolien D. E. and Flanagan, Eanna E.},
        Eprint = {gr-qc/0008066},
        Journal = {\prd},
        Pages = {042003},
        Slaccitation = {CITATION = GR-QC/0008066},
        Title = {An excess power statistic for detection of burst sources of gravitational radiation},
        Volume = {63},
        Year = {2001}
}